%YAML 1.1
%TAG !u! tag:unity3d.com,2011:
--- !u!1 &684021337962322117
GameObject:
  m_ObjectHideFlags: 0
  m_CorrespondingSourceObject: {fileID: 0}
  m_PrefabInstance: {fileID: 0}
  m_PrefabAsset: {fileID: 0}
  serializedVersion: 6
  m_Component:
  - component: {fileID: 684021337962322137}
  - component: {fileID: 684021337962322118}
  - component: {fileID: 684021337962322119}
  - component: {fileID: 684021337962322116}
  - component: {fileID: 684021337962322136}
  m_Layer: 0
  m_Name: Spike
  m_TagString: Untagged
  m_Icon: {fileID: 0}
  m_NavMeshLayer: 0
  m_StaticEditorFlags: 0
  m_IsActive: 1
--- !u!4 &684021337962322137
Transform:
  m_ObjectHideFlags: 0
  m_CorrespondingSourceObject: {fileID: 0}
  m_PrefabInstance: {fileID: 0}
  m_PrefabAsset: {fileID: 0}
  m_GameObject: {fileID: 684021337962322117}
  m_LocalRotation: {x: 0, y: 0, z: 0, w: 1}
  m_LocalPosition: {x: -11.52, y: 4.39, z: 0}
  m_LocalScale: {x: 0.881, y: 0.748, z: 1}
  m_Children: []
  m_Father: {fileID: 0}
  m_RootOrder: 0
  m_LocalEulerAnglesHint: {x: 0, y: 0, z: 0}
--- !u!212 &684021337962322118
SpriteRenderer:
  m_ObjectHideFlags: 0
  m_CorrespondingSourceObject: {fileID: 0}
  m_PrefabInstance: {fileID: 0}
  m_PrefabAsset: {fileID: 0}
  m_GameObject: {fileID: 684021337962322117}
  m_Enabled: 1
  m_CastShadows: 0
  m_ReceiveShadows: 0
  m_DynamicOccludee: 1
  m_MotionVectors: 1
  m_LightProbeUsage: 1
  m_ReflectionProbeUsage: 1
  m_RenderingLayerMask: 1
  m_RendererPriority: 0
  m_Materials:
  - {fileID: 10754, guid: 0000000000000000f000000000000000, type: 0}
  m_StaticBatchInfo:
    firstSubMesh: 0
    subMeshCount: 0
  m_StaticBatchRoot: {fileID: 0}
  m_ProbeAnchor: {fileID: 0}
  m_LightProbeVolumeOverride: {fileID: 0}
  m_ScaleInLightmap: 1
  m_PreserveUVs: 0
  m_IgnoreNormalsForChartDetection: 0
  m_ImportantGI: 0
  m_StitchLightmapSeams: 1
  m_SelectedEditorRenderState: 0
  m_MinimumChartSize: 4
  m_AutoUVMaxDistance: 0.5
  m_AutoUVMaxAngle: 89
  m_LightmapParameters: {fileID: 0}
  m_SortingLayerID: 0
  m_SortingLayer: 0
  m_SortingOrder: 0
  m_Sprite: {fileID: 21300000, guid: 7fc7f3aedd54c9e4ebac782792d3adb5, type: 3}
  m_Color: {r: 1, g: 1, b: 1, a: 1}
  m_FlipX: 0
  m_FlipY: 0
  m_DrawMode: 0
  m_Size: {x: 1.39, y: 2.5}
  m_AdaptiveModeThreshold: 0.5
  m_SpriteTileMode: 0
  m_WasSpriteAssigned: 1
  m_MaskInteraction: 0
  m_SpriteSortPoint: 0
--- !u!60 &684021337962322119
PolygonCollider2D:
  m_ObjectHideFlags: 0
  m_CorrespondingSourceObject: {fileID: 0}
  m_PrefabInstance: {fileID: 0}
  m_PrefabAsset: {fileID: 0}
  m_GameObject: {fileID: 684021337962322117}
  m_Enabled: 1
  m_Density: 1
  m_Material: {fileID: 0}
  m_IsTrigger: 0
  m_UsedByEffector: 0
  m_UsedByComposite: 0
  m_Offset: {x: 0, y: 0}
  m_SpriteTilingProperty:
    border: {x: 0, y: 0, z: 0, w: 0}
    pivot: {x: 0.5, y: 0.5}
    oldSize: {x: 1.39, y: 2.5}
    newSize: {x: 1.39, y: 2.5}
    adaptiveTilingThreshold: 0.5
    drawMode: 0
    adaptiveTiling: 0
  m_AutoTiling: 0
  m_Points:
    m_Paths:
    - - {x: 0.435, y: -0.65}
      - {x: 0.405, y: -0.51}
      - {x: 0.36499998, y: -0.34}
      - {x: 0.315, y: -0.089999996}
      - {x: 0.285, y: 0.049999997}
      - {x: 0.225, y: 0.32}
      - {x: 0.21499999, y: 0.35999998}
      - {x: 0.195, y: 0.45999998}
      - {x: 0.185, y: 0.5}
      - {x: 0.16499999, y: 0.59999996}
      - {x: 0.155, y: 0.64}
      - {x: 0.13499999, y: 0.74}
      - {x: 0.055, y: 1.11}
      - {x: 0.035, y: 1.1999999}
      - {x: 0.024999999, y: 1.22}
      - {x: -0.005, y: 1.22}
      - {x: -0.035, y: 1.2099999}
      - {x: -0.044999998, y: 1.11}
      - {x: -0.074999996, y: 0.96999997}
      - {x: -0.125, y: 0.74}
      - {x: -0.36499998, y: -0.38}
      - {x: -0.415, y: -0.62}
      - {x: -0.445, y: -0.76}
      - {x: -0.685, y: -0.76}
      - {x: -0.695, y: -0.77}
      - {x: -0.695, y: -1.25}
      - {x: 0.695, y: -1.25}
      - {x: 0.695, y: -0.76}
      - {x: 0.45499998, y: -0.76}
--- !u!50 &684021337962322116
Rigidbody2D:
  serializedVersion: 4
  m_ObjectHideFlags: 0
  m_CorrespondingSourceObject: {fileID: 0}
  m_PrefabInstance: {fileID: 0}
  m_PrefabAsset: {fileID: 0}
  m_GameObject: {fileID: 684021337962322117}
  m_BodyType: 2
  m_Simulated: 1
  m_UseFullKinematicContacts: 0
  m_UseAutoMass: 0
  m_Mass: 1
  m_LinearDrag: 0
  m_AngularDrag: 0.05
  m_GravityScale: 1
  m_Material: {fileID: 0}
  m_Interpolate: 0
  m_SleepingMode: 1
  m_CollisionDetection: 1
  m_Constraints: 7
--- !u!114 &684021337962322136
MonoBehaviour:
  m_ObjectHideFlags: 0
  m_CorrespondingSourceObject: {fileID: 0}
  m_PrefabInstance: {fileID: 0}
  m_PrefabAsset: {fileID: 0}
  m_GameObject: {fileID: 684021337962322117}
  m_Enabled: 1
  m_EditorHideFlags: 0
  m_Script: {fileID: 11500000, guid: afd5d0eb0d61fa74590829898b450659, type: 3}
  m_Name: 
  m_EditorClassIdentifier: 
