%YAML 1.1
%TAG !u! tag:unity3d.com,2011:
--- !u!1 &2698701780830660499
GameObject:
  m_ObjectHideFlags: 0
  m_CorrespondingSourceObject: {fileID: 0}
  m_PrefabInstance: {fileID: 0}
  m_PrefabAsset: {fileID: 0}
  serializedVersion: 6
  m_Component:
  - component: {fileID: 3770093525987180067}
  m_Layer: 0
  m_Name: Walls
  m_TagString: Untagged
  m_Icon: {fileID: 0}
  m_NavMeshLayer: 0
  m_StaticEditorFlags: 0
  m_IsActive: 1
--- !u!4 &3770093525987180067
Transform:
  m_ObjectHideFlags: 0
  m_CorrespondingSourceObject: {fileID: 0}
  m_PrefabInstance: {fileID: 0}
  m_PrefabAsset: {fileID: 0}
  m_GameObject: {fileID: 2698701780830660499}
  m_LocalRotation: {x: 0, y: 0, z: 0, w: 1}
  m_LocalPosition: {x: 3.8852847, y: 2.592008, z: -1.2734375}
  m_LocalScale: {x: 1, y: 1, z: 1}
  m_Children:
  - {fileID: 6833813620974410185}
  - {fileID: 242921526709910476}
  - {fileID: 6436781119717755209}
  - {fileID: 736689388030942560}
  - {fileID: 4758590404988533795}
  m_Father: {fileID: 0}
  m_RootOrder: 0
  m_LocalEulerAnglesHint: {x: 0, y: 0, z: 0}
--- !u!1001 &62857335689356982
PrefabInstance:
  m_ObjectHideFlags: 0
  serializedVersion: 2
  m_Modification:
    m_TransformParent: {fileID: 3770093525987180067}
    m_Modifications:
    - target: {fileID: 4461783225814185549, guid: 2f39bb1201865f644b09531d910225eb,
        type: 3}
      propertyPath: m_Name
      value: Block
      objectReference: {fileID: 0}
    - target: {fileID: 6776163916086869887, guid: 2f39bb1201865f644b09531d910225eb,
        type: 3}
      propertyPath: m_LocalPosition.x
      value: 0
      objectReference: {fileID: 0}
    - target: {fileID: 6776163916086869887, guid: 2f39bb1201865f644b09531d910225eb,
        type: 3}
      propertyPath: m_LocalPosition.y
      value: 0
      objectReference: {fileID: 0}
    - target: {fileID: 6776163916086869887, guid: 2f39bb1201865f644b09531d910225eb,
        type: 3}
      propertyPath: m_LocalPosition.z
      value: 0
      objectReference: {fileID: 0}
    - target: {fileID: 6776163916086869887, guid: 2f39bb1201865f644b09531d910225eb,
        type: 3}
      propertyPath: m_LocalRotation.x
      value: -0
      objectReference: {fileID: 0}
    - target: {fileID: 6776163916086869887, guid: 2f39bb1201865f644b09531d910225eb,
        type: 3}
      propertyPath: m_LocalRotation.y
      value: -0
      objectReference: {fileID: 0}
    - target: {fileID: 6776163916086869887, guid: 2f39bb1201865f644b09531d910225eb,
        type: 3}
      propertyPath: m_LocalRotation.z
      value: -0
      objectReference: {fileID: 0}
    - target: {fileID: 6776163916086869887, guid: 2f39bb1201865f644b09531d910225eb,
        type: 3}
      propertyPath: m_LocalRotation.w
      value: 1
      objectReference: {fileID: 0}
    - target: {fileID: 6776163916086869887, guid: 2f39bb1201865f644b09531d910225eb,
        type: 3}
      propertyPath: m_RootOrder
      value: 0
      objectReference: {fileID: 0}
    - target: {fileID: 6776163916086869887, guid: 2f39bb1201865f644b09531d910225eb,
        type: 3}
      propertyPath: m_LocalEulerAnglesHint.x
      value: 0
      objectReference: {fileID: 0}
    - target: {fileID: 6776163916086869887, guid: 2f39bb1201865f644b09531d910225eb,
        type: 3}
      propertyPath: m_LocalEulerAnglesHint.y
      value: 0
      objectReference: {fileID: 0}
    - target: {fileID: 6776163916086869887, guid: 2f39bb1201865f644b09531d910225eb,
        type: 3}
      propertyPath: m_LocalEulerAnglesHint.z
      value: 0
      objectReference: {fileID: 0}
    m_RemovedComponents: []
  m_SourcePrefab: {fileID: 100100000, guid: 2f39bb1201865f644b09531d910225eb, type: 3}
--- !u!4 &6833813620974410185 stripped
Transform:
  m_CorrespondingSourceObject: {fileID: 6776163916086869887, guid: 2f39bb1201865f644b09531d910225eb,
    type: 3}
  m_PrefabInstance: {fileID: 62857335689356982}
  m_PrefabAsset: {fileID: 0}
--- !u!1001 &530808467944551990
PrefabInstance:
  m_ObjectHideFlags: 0
  serializedVersion: 2
  m_Modification:
    m_TransformParent: {fileID: 3770093525987180067}
    m_Modifications:
    - target: {fileID: 4461783225814185549, guid: 2f39bb1201865f644b09531d910225eb,
        type: 3}
      propertyPath: m_Name
      value: Block (2)
      objectReference: {fileID: 0}
    - target: {fileID: 6776163916086869887, guid: 2f39bb1201865f644b09531d910225eb,
        type: 3}
      propertyPath: m_LocalPosition.x
      value: 3.28
      objectReference: {fileID: 0}
    - target: {fileID: 6776163916086869887, guid: 2f39bb1201865f644b09531d910225eb,
        type: 3}
      propertyPath: m_LocalPosition.y
      value: -0.01
      objectReference: {fileID: 0}
    - target: {fileID: 6776163916086869887, guid: 2f39bb1201865f644b09531d910225eb,
        type: 3}
      propertyPath: m_LocalPosition.z
      value: 0
      objectReference: {fileID: 0}
    - target: {fileID: 6776163916086869887, guid: 2f39bb1201865f644b09531d910225eb,
        type: 3}
      propertyPath: m_LocalRotation.x
      value: -0
      objectReference: {fileID: 0}
    - target: {fileID: 6776163916086869887, guid: 2f39bb1201865f644b09531d910225eb,
        type: 3}
      propertyPath: m_LocalRotation.y
      value: -0
      objectReference: {fileID: 0}
    - target: {fileID: 6776163916086869887, guid: 2f39bb1201865f644b09531d910225eb,
        type: 3}
      propertyPath: m_LocalRotation.z
      value: -0
      objectReference: {fileID: 0}
    - target: {fileID: 6776163916086869887, guid: 2f39bb1201865f644b09531d910225eb,
        type: 3}
      propertyPath: m_LocalRotation.w
      value: 1
      objectReference: {fileID: 0}
    - target: {fileID: 6776163916086869887, guid: 2f39bb1201865f644b09531d910225eb,
        type: 3}
      propertyPath: m_RootOrder
      value: 2
      objectReference: {fileID: 0}
    - target: {fileID: 6776163916086869887, guid: 2f39bb1201865f644b09531d910225eb,
        type: 3}
      propertyPath: m_LocalEulerAnglesHint.x
      value: 0
      objectReference: {fileID: 0}
    - target: {fileID: 6776163916086869887, guid: 2f39bb1201865f644b09531d910225eb,
        type: 3}
      propertyPath: m_LocalEulerAnglesHint.y
      value: 0
      objectReference: {fileID: 0}
    - target: {fileID: 6776163916086869887, guid: 2f39bb1201865f644b09531d910225eb,
        type: 3}
      propertyPath: m_LocalEulerAnglesHint.z
      value: 0
      objectReference: {fileID: 0}
    m_RemovedComponents: []
  m_SourcePrefab: {fileID: 100100000, guid: 2f39bb1201865f644b09531d910225eb, type: 3}
--- !u!4 &6436781119717755209 stripped
Transform:
  m_CorrespondingSourceObject: {fileID: 6776163916086869887, guid: 2f39bb1201865f644b09531d910225eb,
    type: 3}
  m_PrefabInstance: {fileID: 530808467944551990}
  m_PrefabAsset: {fileID: 0}
--- !u!1001 &2017663128837358428
PrefabInstance:
  m_ObjectHideFlags: 0
  serializedVersion: 2
  m_Modification:
    m_TransformParent: {fileID: 3770093525987180067}
    m_Modifications:
    - target: {fileID: 4461783225814185549, guid: 2f39bb1201865f644b09531d910225eb,
        type: 3}
      propertyPath: m_Name
      value: Block (4)
      objectReference: {fileID: 0}
    - target: {fileID: 6776163916086869887, guid: 2f39bb1201865f644b09531d910225eb,
        type: 3}
      propertyPath: m_LocalPosition.x
      value: 6.58
      objectReference: {fileID: 0}
    - target: {fileID: 6776163916086869887, guid: 2f39bb1201865f644b09531d910225eb,
        type: 3}
      propertyPath: m_LocalPosition.y
      value: 0.00999999
      objectReference: {fileID: 0}
    - target: {fileID: 6776163916086869887, guid: 2f39bb1201865f644b09531d910225eb,
        type: 3}
      propertyPath: m_LocalPosition.z
      value: 0
      objectReference: {fileID: 0}
    - target: {fileID: 6776163916086869887, guid: 2f39bb1201865f644b09531d910225eb,
        type: 3}
      propertyPath: m_LocalRotation.x
      value: -0
      objectReference: {fileID: 0}
    - target: {fileID: 6776163916086869887, guid: 2f39bb1201865f644b09531d910225eb,
        type: 3}
      propertyPath: m_LocalRotation.y
      value: -0
      objectReference: {fileID: 0}
    - target: {fileID: 6776163916086869887, guid: 2f39bb1201865f644b09531d910225eb,
        type: 3}
      propertyPath: m_LocalRotation.z
      value: -0
      objectReference: {fileID: 0}
    - target: {fileID: 6776163916086869887, guid: 2f39bb1201865f644b09531d910225eb,
        type: 3}
      propertyPath: m_LocalRotation.w
      value: 1
      objectReference: {fileID: 0}
    - target: {fileID: 6776163916086869887, guid: 2f39bb1201865f644b09531d910225eb,
        type: 3}
      propertyPath: m_RootOrder
      value: 4
      objectReference: {fileID: 0}
    - target: {fileID: 6776163916086869887, guid: 2f39bb1201865f644b09531d910225eb,
        type: 3}
      propertyPath: m_LocalEulerAnglesHint.x
      value: 0
      objectReference: {fileID: 0}
    - target: {fileID: 6776163916086869887, guid: 2f39bb1201865f644b09531d910225eb,
        type: 3}
      propertyPath: m_LocalEulerAnglesHint.y
      value: 0
      objectReference: {fileID: 0}
    - target: {fileID: 6776163916086869887, guid: 2f39bb1201865f644b09531d910225eb,
        type: 3}
      propertyPath: m_LocalEulerAnglesHint.z
      value: 0
      objectReference: {fileID: 0}
    m_RemovedComponents: []
  m_SourcePrefab: {fileID: 100100000, guid: 2f39bb1201865f644b09531d910225eb, type: 3}
--- !u!4 &4758590404988533795 stripped
Transform:
  m_CorrespondingSourceObject: {fileID: 6776163916086869887, guid: 2f39bb1201865f644b09531d910225eb,
    type: 3}
  m_PrefabInstance: {fileID: 2017663128837358428}
  m_PrefabAsset: {fileID: 0}
--- !u!1001 &6066623809871356447
PrefabInstance:
  m_ObjectHideFlags: 0
  serializedVersion: 2
  m_Modification:
    m_TransformParent: {fileID: 3770093525987180067}
    m_Modifications:
    - target: {fileID: 4461783225814185549, guid: 2f39bb1201865f644b09531d910225eb,
        type: 3}
      propertyPath: m_Name
      value: Block (3)
      objectReference: {fileID: 0}
    - target: {fileID: 6776163916086869887, guid: 2f39bb1201865f644b09531d910225eb,
        type: 3}
      propertyPath: m_LocalPosition.x
      value: 4.93
      objectReference: {fileID: 0}
    - target: {fileID: 6776163916086869887, guid: 2f39bb1201865f644b09531d910225eb,
        type: 3}
      propertyPath: m_LocalPosition.y
      value: 0.01
      objectReference: {fileID: 0}
    - target: {fileID: 6776163916086869887, guid: 2f39bb1201865f644b09531d910225eb,
        type: 3}
      propertyPath: m_LocalPosition.z
      value: 0
      objectReference: {fileID: 0}
    - target: {fileID: 6776163916086869887, guid: 2f39bb1201865f644b09531d910225eb,
        type: 3}
      propertyPath: m_LocalRotation.x
      value: -0
      objectReference: {fileID: 0}
    - target: {fileID: 6776163916086869887, guid: 2f39bb1201865f644b09531d910225eb,
        type: 3}
      propertyPath: m_LocalRotation.y
      value: -0
      objectReference: {fileID: 0}
    - target: {fileID: 6776163916086869887, guid: 2f39bb1201865f644b09531d910225eb,
        type: 3}
      propertyPath: m_LocalRotation.z
      value: -0
      objectReference: {fileID: 0}
    - target: {fileID: 6776163916086869887, guid: 2f39bb1201865f644b09531d910225eb,
        type: 3}
      propertyPath: m_LocalRotation.w
      value: 1
      objectReference: {fileID: 0}
    - target: {fileID: 6776163916086869887, guid: 2f39bb1201865f644b09531d910225eb,
        type: 3}
      propertyPath: m_RootOrder
      value: 3
      objectReference: {fileID: 0}
    - target: {fileID: 6776163916086869887, guid: 2f39bb1201865f644b09531d910225eb,
        type: 3}
      propertyPath: m_LocalEulerAnglesHint.x
      value: 0
      objectReference: {fileID: 0}
    - target: {fileID: 6776163916086869887, guid: 2f39bb1201865f644b09531d910225eb,
        type: 3}
      propertyPath: m_LocalEulerAnglesHint.y
      value: 0
      objectReference: {fileID: 0}
    - target: {fileID: 6776163916086869887, guid: 2f39bb1201865f644b09531d910225eb,
        type: 3}
      propertyPath: m_LocalEulerAnglesHint.z
      value: 0
      objectReference: {fileID: 0}
    m_RemovedComponents: []
  m_SourcePrefab: {fileID: 100100000, guid: 2f39bb1201865f644b09531d910225eb, type: 3}
--- !u!4 &736689388030942560 stripped
Transform:
  m_CorrespondingSourceObject: {fileID: 6776163916086869887, guid: 2f39bb1201865f644b09531d910225eb,
    type: 3}
  m_PrefabInstance: {fileID: 6066623809871356447}
  m_PrefabAsset: {fileID: 0}
--- !u!1001 &6725777470340695219
PrefabInstance:
  m_ObjectHideFlags: 0
  serializedVersion: 2
  m_Modification:
    m_TransformParent: {fileID: 3770093525987180067}
    m_Modifications:
    - target: {fileID: 4461783225814185549, guid: 2f39bb1201865f644b09531d910225eb,
        type: 3}
      propertyPath: m_Name
      value: Block (1)
      objectReference: {fileID: 0}
    - target: {fileID: 6776163916086869887, guid: 2f39bb1201865f644b09531d910225eb,
        type: 3}
      propertyPath: m_LocalPosition.x
      value: 1.62
      objectReference: {fileID: 0}
    - target: {fileID: 6776163916086869887, guid: 2f39bb1201865f644b09531d910225eb,
        type: 3}
      propertyPath: m_LocalPosition.y
      value: 0
      objectReference: {fileID: 0}
    - target: {fileID: 6776163916086869887, guid: 2f39bb1201865f644b09531d910225eb,
        type: 3}
      propertyPath: m_LocalPosition.z
      value: 0
      objectReference: {fileID: 0}
    - target: {fileID: 6776163916086869887, guid: 2f39bb1201865f644b09531d910225eb,
        type: 3}
      propertyPath: m_LocalRotation.x
      value: -0
      objectReference: {fileID: 0}
    - target: {fileID: 6776163916086869887, guid: 2f39bb1201865f644b09531d910225eb,
        type: 3}
      propertyPath: m_LocalRotation.y
      value: -0
      objectReference: {fileID: 0}
    - target: {fileID: 6776163916086869887, guid: 2f39bb1201865f644b09531d910225eb,
        type: 3}
      propertyPath: m_LocalRotation.z
      value: -0
      objectReference: {fileID: 0}
    - target: {fileID: 6776163916086869887, guid: 2f39bb1201865f644b09531d910225eb,
        type: 3}
      propertyPath: m_LocalRotation.w
      value: 1
      objectReference: {fileID: 0}
    - target: {fileID: 6776163916086869887, guid: 2f39bb1201865f644b09531d910225eb,
        type: 3}
      propertyPath: m_RootOrder
      value: 1
      objectReference: {fileID: 0}
    - target: {fileID: 6776163916086869887, guid: 2f39bb1201865f644b09531d910225eb,
        type: 3}
      propertyPath: m_LocalEulerAnglesHint.x
      value: 0
      objectReference: {fileID: 0}
    - target: {fileID: 6776163916086869887, guid: 2f39bb1201865f644b09531d910225eb,
        type: 3}
      propertyPath: m_LocalEulerAnglesHint.y
      value: 0
      objectReference: {fileID: 0}
    - target: {fileID: 6776163916086869887, guid: 2f39bb1201865f644b09531d910225eb,
        type: 3}
      propertyPath: m_LocalEulerAnglesHint.z
      value: 0
      objectReference: {fileID: 0}
    m_RemovedComponents: []
  m_SourcePrefab: {fileID: 100100000, guid: 2f39bb1201865f644b09531d910225eb, type: 3}
--- !u!4 &242921526709910476 stripped
Transform:
  m_CorrespondingSourceObject: {fileID: 6776163916086869887, guid: 2f39bb1201865f644b09531d910225eb,
    type: 3}
  m_PrefabInstance: {fileID: 6725777470340695219}
  m_PrefabAsset: {fileID: 0}
